% Encoding: UTF-8


@Misc{cointele,
    title =         {Is CryptoRuble Back?},
    subtitle =      {Launch Set For Mid-2019, Says Russian Blockchain Association},
    year =          {2018},
    org-short =     {Cointelegraph},
    organization =  {Cointelegraph},
    author =        {Helen Partz},
    urlaccessdate = {20 abr. 2018},
    url =           {https://cointelegraph.com/news/is-cryptoruble-back-launch-set-for-mid-2019-says-russian-blockchain-association}
}


@Misc{akka,
    title =         {Lightbend Case Studies},
    subtitle =      {akka},
    year =          {2018},
    org-short =     {Lightbend},
    organization =  {Lightbend},
    urlaccessdate = {19 abr. 2018},
    url =           {https://www.lightbend.com/case-studies#tag=akka}
}


@Misc{cura,
    title =         {Depressões Econômicas},
    subtitle =      {A Causa e a Cura},
    year =          {1969},
    org-short =     {Mises Brasil},
    organization =  {Mises Brasil},
    author =        {Murray Newton Rothbard},
    urlaccessdate = {19 abr. 2018},
    url =           {https://www.mises.org.br/Article.aspx?id=228}
}

@Book{acao,
    title =         {Ação Humana},
    subtitle =      {Um Tratado de Economia},
    year =          {1966},
    edition =       {3.1},
    tradutor =      {Donald Stewart Junior},
    org-short =     {Mises Brasil},
    organization =  {Mises Brasil},
    author =        {Ludwig von{ }Mises},
    urlaccessdate = {19 abr. 2018},
    url =           {http://rothbardbrasil.com/acao-humana-um-tratado-de-economia-42/}
}

%Yeow
@Misc{bitnodes,
    title =         {Network Snapshot},
    year =          {2018},
    org-short =     {Bitnodes},
    organization =  {Bitnodes},
    author =        {Addy Yeow},
    urlaccessdate = {19 abr. 2018},
    url =           {https://bitnodes.earn.com/nodes/}
}
%Yanofsky
@Misc{pull,
    title =         {[experimental] Multiprocess bitcoin by ryanofsky},
    subtitle =      {Pull Request \#10102 - bitcoin/bitcoin},
    year =          {2017},
    org-short =     {bitcoin},
    organization =  {Github/bitcoin},
    author =        {Russell Yanofsky},
    urlaccessdate = {19 abr. 2018},
    url =           {https://github.com/bitcoin/bitcoin/pull/10102}
}

%Turon
@Misc{turon,
    title =         {Zero-cost futures in Rust},
    year =          {2016},
    org-short =     {Aaron Turon},
    organization =  {Aaron Turon},
    author =        {Aaron Turon},
    urlaccessdate = {19 abr. 2018},
    url =           {https://aturon.github.io/blog/2016/08/11/futures/}
}

%Lerche
@Misc{tokiors,
    title =         {Tokio},
    year =          {2018},
    org-short =     {Tokio},
    organization =  {Tokio},
    author =        {Carl Lerche},
    urlaccessdate = {19 abr. 2018},
    url =           {https://tokio.rs/}
}


@Misc{rust,
    title =         {The Rust Programming Language},
    year =          {2018},
    org-short =     {Rust Book},
    organization =  {Rust Book},
    urlaccessdate = {19 abr. 2018},
    url =           {https://github.com/rust-lang/book}
}


@Misc{btcref,
    title =         {Bitcoin Developer Reference},
    year =          {2018},
    org-short =     {Bitcoin.org},
    organization =  {Bitcoin.org},
    urlaccessdate = {19 abr. 2018},
    url =           {https://bitcoin.org/en/developer-reference}
}

%consensus
@Misc{consensus,
    title =         {Libbitcoin Consensus},
    year =          {2017},
    org-short =     {Bitcoin Wiki},
    organization =  {Bitcoin Wiki},
    author =        {Bitcoin Wiki},
    urlaccessdate = {27 maio 2018},
    url =           {https://en.bitcoin.it/wiki/Libbitcoin_Consensus}
}

%Lerche
@Misc{tokio,
    title =         {Crate tokio},
    year =          {2018},
    org-short =     {Docs.rs},
    organization =  {Docs.rs},
    author =        {Carl Lerche},
    urlaccessdate = {19 abr. 2018},
    url =           {https://docs.rs/tokio/0.1.5/tokio/}
}

%Lerche
@Misc{chat,
    title =         {Example: A Chat Server},
    year =          {2018},
    org-short =     {Tokio},
    organization =  {Tokio},
    author =        {Carl Lerche and Khaled Karam and Alexander Makarov and Jeroen Hoekx and Mohd Irtefa},
    urlaccessdate = {19 abr. 2018},
    url =           {https://tokio.rs/docs/getting-started/chat/}
}

%Pinot
@Misc{struct,
    title =         {TeXitoi/structopt},
    subtitle =         {Parse command line argument by defining a struct},
    year =          {2018},
    org-short =     {TeXitoi},
    organization =  {Github/TeXitoi},
    author =        {Guillaume Pinot},
    urlaccessdate = {19 abr. 2018},
    url =           {https://github.com/TeXitoi/structopt}
}

%Fitzgerald
@Misc{state,
    title =         {Crate state machine future},
    year =          {2018},
    org-short =     {Docs.rs},
    organization =  {Docs.rs},
    author =        {Nick Fitzgerald},
    urlaccessdate = {19 abr. 2018},
    url =           {https://docs.rs/state_machine_future/0.1.6/state_machine_future/}
}


%liberty dollar
@Misc{dollar,
    title =         {Prison May Be the Next Stop on a Gold Currency Journey},
    year =          {2012},
    org-short =     {The New York Times},
    organization =  {The New York Times},
    author =        {Alan Feuer},
    urlaccessdate = {27 maio 2018},
    url =           {https://www.nytimes.com/2012/10/25/us/liberty-dollar-creator-awaits-his-fate-behind-bars.html}
}

%Sutter
@Misc{sutter,
    title =         {A Heterogeneous Supercomputer in Every Pocket},
    year =          {2012},
    org-short =     {Sutter’s Mill},
    organization =  {Herb Sutter on software development},
    author =        {Herb Sutter},
    urlaccessdate = {19 abr. 2018},
    url =           {https://herbsutter.com/welcome-to-the-jungle/}
}

%Peck
@Misc{peck,
    title =         {Blockchains},
    subtitle =      {How They Work and Why They’ll Change the World},
    year =          {2017},
    org-short =     {IEEE Spectrum},
    organization =  {Institute of Electrical and Electronics Engineers Spectrum},
    author =        {Morgen E. Peck},
    urlaccessdate = {19 abr. 2018},
    url =           {https://spectrum.ieee.org/computing/networks/blockchains-how-they-work-and-why-theyll-change-the-world}
}

%Bech
@article{bis,
    title = {Central Bank Cryptocurrencies},
    year = {2017},
    author = {Morten Bech and Rodney Garratt},
    org-short = {BIS Quarterly Review},
    organization =  {Bank for International Settlements Quarterly Review},
    edition = {1},
    urlaccessdate = {19 abr. 2018},
    url = {https://www.bis.org/publ/qtrpdf/r_qt1709f.htm},
}

%nakamoto
@article{satoshi,
    title = {Bitcoin},
    subtitle = {A Peer-to-Peer Electronic Cash System},
    year = {2008},
    author = {Satoshi Nakamoto},
    edition = {1},
    urlaccessdate = {19 abr. 2018},
    url = {https://bitcoin.org/bitcoin.pdf},
}

@Misc{newbery,
    title =         {What did Bitcoin Core contributors ever do for us?},
    year =          {2017},
    org-short =     {Medium},
    organization =  {Medium},
    author =        {John Newbery},
    urlaccessdate = {19 abr. 2018},
    url =           {https://medium.com/@jfnewbery/what-did-bitcoin-core-contributors-ever-do-for-us-39fc2fedb5ef}
}


@Misc{katz,
    title =         {Rust Means Never Having to Close a Socket},
    year =          {2014},
    org-short =     {Inside Skylight},
    organization =  {Inside Skylight},
    author =        {Yehuda Katz},
    urlaccessdate = {19 abr. 2018},
    url =           {http://blog.skylight.io/rust-means-never-having-to-close-a-socket/}
}

@Misc{belt,
    title =         {European Research Council Project "RustBelt"},
    year =          {2018},
    org-short =     {MPI-SWS},
    organization =  {The Max Planck Institute for Software Systems},
    author =        {Derek Dreyer},
    urlaccessdate = {22 mai. 2018},
    url =           {https://plv.mpi-sws.org/rustbelt/}
}


@Misc{rustbtc,
    title =         {RustBTC},
    year =          {2018},
    org-short =     {RustBTC},
    organization =  {RustBTC},
    author =        {Felipe Balieiro Cetrulo and Thiago Machado da Silva},
    urlaccessdate = {22 mai. 2018},
    url =           {https://github.com/swfsql/rustbtc}
}

%rothbard
@Book{rothbard,
    title = {O Que o Governo Fez Com o Nosso Dinheiro?},
    year = {2013},
    publisher = {Mises Brasil},
    author = {Murray Newton Rothbard},
    edition = {1},
    tradutor = {Leandro Augusto Gomes Roque},
    urlaccessdate = {19 abr. 2018},
    url = {http://rothbardbrasil.com/wp-content/uploads/arquivos/nossodinheiro.pdf},
}


%beingessner
@Book{beingessner,
    title = {You can't spell trust without Rust},
    year = {2015},
    author = {Alexis Beingessner},
    edition = {2},
    urlaccessdate = {19 abr. 2018},
    url = {https://github.com/Gankro/thesis/blob/master/thesis.pdf},
}

%scorex
@article{scorex,
    title = {The Blockchain and the Scorex Tutorial},
    year = {2016},
    author = {Alexander Chepurnoy},
    urlaccessdate = {19 abr. 2018},
    url = {https://github.com/ScorexFoundation/ScorexTutorial/blob/master/scorex.pdf},
}

%lambda
@article{lambda,
    title = {RustBelt: Securing the Foundations of the Rust Programming Language},
    year = {2018},
    author = {Ralf Jung and Jacques-Henri Jourdan and Robbert Krebbers and Derek Dreyer},
    urlaccessdate = {23 mai. 2018},
    url = {www.mpi-sws.org/~dreyer/papers/rustbelt/paper.pdf},
}

%Yu
@Book{Yu,
    title = {P2P Networking and Applications},
    year = {2008},
    publisher = {Morgan Kaufmann Publishers},
    author = {John F. Buford and Heather Yu and Eng Keong Lua},
    edition = {1}
}

%Antonopoulos
@Book{Antonopoulos,
    title = {Mastering Bitcoin},
    year = {2014},
    publisher = {O'Reilly Media},
    author = {Andreas M. Antonopoulos},
    edition = {1}
}
%Ulrich
@Book{Ulrich,
    title = {Bitcoin},
    subtitle = {A Moeda Na Era Digital},
    year = {2014},
    publisher = {LVM EDITORA},
    author = {Fernando Ulrich},
    edition = {1},
    urlaccessdate = {20 abr. 2018},
    url = {http://rothbardbrasil.com/bitcoin-a-moeda-na-era-digital/}
}
%agha
@Book{agha,
    title = {Actors},
    subtitle = {A Model Of Concurrent Computation In Distributed Systems},
    year = {1985},
    publisher = {MIT Press},
    author = {Gul Abdulnabi Agha},
    edition = {1}
}

